@article{acierno2006,
  title={Risk and protective factors for psychopathology among older versus younger adults after the 2004 {Florida} hurricanes},
  author={Acierno, Ron and Ruggiero, Kenneth J and Kilpatrick, Dean G and Resnick, Heidi S and Galea, Sandro},
  journal={The American Journal of Geriatric Psychiatry},
  volume={14},
  number={12},
  pages={1051--1059},
  year={2006}
}

@article{alhamdan2014environmental,
  title={Environmental public health applications using remotely sensed data},
  author={{Al-H}amdan, Mohammad Z and Crosson, William L and Economou, Sigrid A and Estes Jr, Maurice G and Estes, Sue M and Hemmings, Sarah N and Kent, Shia T and Puckett, Mark and Quattrochi, Dale A and Rickman, Douglas L and others},
  journal={Geocarto International},
  volume={29},
  number={1},
  pages={85--98},
  year={2014}
}

@article{amstadter2010,
  title={{NPY} moderates the relation between hurricane exposure and generalized anxiety disorder in an epidemiologic sample of hurricane-exposed adults},
  author={Amstadter, Ananda B and Koenen, Karestan C and Ruggiero, Kenneth J and Acierno, Ron and Galea, Sandro and Kilpatrick, Dean G and Gelernter, Joel},
  journal={Depression and Anxiety},
  volume={27},
  number={3},
  pages={270--275},
  year={2010}
}

@article{anderson2003community,
  title={Community vulnerability to tropical cyclones: {Cairns}, 1996--2000},
  author={Anderson-Berry, Linda J},
  journal={Natural Hazards},
  volume={30},
  number={2},
  pages={209--232},
  year={2003}
}

@article{anderson2010heat,
  title={Heat waves in the {United States}: mortality risk during heat waves and effect modification by heat wave characteristics in 43 {US} communities},
  author={Anderson, G Brooke and Bell, Michelle L},
  journal={Environmental Health Perspectives},
  volume={119},
  number={2},
  pages={210--218},
  year={2010},
  publisher={National Institute of Environmental Health Sciences}
}

@article{antipova2015post,
  title={The post-disaster negative health legacy: pregnancy outcomes in {Louisiana} after {Hurricane Andrew}},
  author={Antipova, Anzhelika and Curtis, Andrew},
  journal={Disasters},
  volume={39},
  number={4},
  pages={665--686},
  year={2015}
}

@article{armstrong1998effect,
  title={Effect of measurement error on epidemiological studies of environmental and occupational exposures},
  author={Armstrong, Ben G},
  journal={Occupational and Environmental Medicine},
  volume={55},
  number={10},
  pages={651--656},
  year={1998}
}

@article{Ashley2007,
  title={Spatial and temporal analysis of tornado fatalities in the {U}nited {S}tates: 1880--2005},
  author={Ashley, Walker S},
  journal={Weather and Forecasting},
  volume={22},
  number={6},
  pages={1214--1228},
  year={2007}
}

@article{Ashley2008flood,
  title={Flood fatalities in the {U}nited {S}tates},
  author={Ashley, Sharon T and Ashley, Walker S},
  journal={Journal of Applied Meteorology and Climatology},
  volume={47},
  number={3},
  pages={805--818},
  year={2008}
}

@article{atallah2003,
  title = "The extratropical transition and precipitation distribution of {H}urricane {F}loyd (1999)",
  journal = "Monthly Weather Review",
  volume = "131",
  pages = "1063--1081",
  year = "2003",
  author = "Eyad H. Atallah and Lance F. Bosart"
}

@article{atallah2007,
  title={Precipitation distribution associated with landfalling tropical cyclones over the eastern {U}nited {S}tates},
  author={Atallah, Eyad and Bosart, Lance F and Aiyyer, Anantha R},
  journal={Monthly Weather Review},
  volume={135},
  number={6},
  pages={2185--2206},
  year={2007}
}

@article{avila2013atlantic,
  title={Atlantic hurricane season of 2011},
  author={Avila, Lixion A and Stewart, Stacy R},
  journal={Monthly Weather Review},
  volume={141},
  number={8},
  pages={2577--2596},
  year={2013}
}

@article{avila20192018,
  title={The 2018 {Atlantic} hurricane season: Another catastrophic year for the {United States}},
  author={Avila, Lixion A},
  journal={Weatherwise},
  volume={72},
  number={4},
  pages={14--21},
  year={2019},
  publisher={Taylor \& Francis}
}

@article{baggerly2008impact,
  title={The impact of the 2004 hurricanes on {Florida Comprehensive Assessment Test} scores: implications for school counselors},
  author={Baggerly, Jennifer and Ferretti, Larissa},
  journal={Professional School Counseling},
  volume={12},
  number={1},
  pages={1--9},
  year={2008}
}

@article{baselga2012betapart,
  title={betapart: an {R} package for the study of beta diversity},
  author={Baselga, Andres and Orme, C David L},
  journal={Methods in Ecology and Evolution},
  volume={3},
  number={5},
  pages={808--812},
  year={2012}
}

@article{bennette2012against,
  title={Against quantiles: categorization of continuous variables in epidemiologic research, and its discontents},
  author={Bennette, Caroline and Vickers, Andrew},
  journal={BMC Medical Research Methodology},
  volume={12},
  number={1},
  pages={21},
  year={2012}
}

@article{blake20182017,
  title={The 2017 {Atlantic} hurricane season: Catastrophic losses and costs},
  author={Blake, Eric S},
  journal={Weatherwise},
  volume={71},
  number={3},
  pages={28--37},
  year={2018},
  publisher={Taylor \& Francis}
}

@book{bivand2013applied,
  author    = {Roger S. Bivand and Edzer Pebesma and Virgilio Gomez-Rubio},
  title     = {Applied Spatial Data Analysis with R},
  publisher = {Springer},
  year      = 2013,
  address   = {NY},
  edition   = Second
}

@article{burton2009health,
  title={Health of {Medicare Advantage} plan enrollees at 1 year after {Hurricane Katrina}},
  author={Burton, Lynda C and Skinner, Elizabeth A and Uscher-Pines, Lori and Lieberman, Richard and Leff, Bruce and Clark, Rebecca and Yu, Qilu and Lemke, Klaus W and Weiner, Jonathan P},
  journal={The American Journal of Managed Care},
  volume={15},
  number={1},
  pages={13--22},
  year={2009}
}

@article{caillouet2008increase,
  title={Increase in {West Nile} neuroinvasive disease after {Hurricane Katrina}},
  author={Caillou{\"e}t, Kevin A and Michaels, Sarah R and Xiong, Xu and Foppa, Ivo and Wesson, Dawn M},
  journal={Emerging Infectious Diseases},
  volume={14},
  number={5},
  pages={804},
  year={2008}
}

@misc{cdcwonder,
  title = {{North America Land Data Assimilation System (NLDAS) Daily Precipitation years 1979--2011 on CDC WONDER Online Database}},
  author = {{United States Centers for Disease Control}},
  shortauthor = {{US CDC}},
  howpublished = {\url{http://www.nhc.noaa.gov/aboutnames_history.shtml}},
  note = {http://wonder.cdc.gov/wonder/help/Precipitation.html},
  year = {2016}
}

@article{cerveny2000,
  title = "Climatological relationships between tropical cyclones and rainfall",
  journal = "Monthly Weather Review",
  volume = "128",
  pages = "3329--3336",
  year = "2000",
  author = "Randall S. Cerveny and Lynn E. Newman"
}

@article{chang2012,
  title = "Large increasing trend of tropical cyclone rainfall in {T}aiwan and the roles of terrain",
  journal = "Journal of Climate",
  volume = "26",
  pages = "4138--4147",
  year = "2013",
  doi = "10.1175/JCLI-D-12-00463.1",
  author = "Chih--Pei Chang and Yi--Ting Yang and Hung--Chi Kuo"
}

@article{chakraborty2005population,
  title={Population evacuation: assessing spatial variability in geophysical risk and social vulnerability to natural hazards},
  author={Chakraborty, Jayajit and Tobin, Graham A and Montz, Burrell E},
  journal={Natural Hazards Review},
  volume={6},
  number={1},
  pages={23--33},
  year={2005}
}

@article{chen2015,
  title = "Variations in streamflow response to large hurricane-season storms in a southeastern {US} watershed",
  journal = "Journal of Hydrometeorology",
  volume = "16",
  pages = "55--69",
  year = "2015",
  author = "Xing Chen and Mukesh Kumar and Brian L. McGlynn"
}

@article{colle2003,
  title = "Numerical simulations of the extratropical transition of {F}loyd (1999): structural evolution and responsible mechanisms for the heavy rainfall over the northeast {U}nited {S}tates",
  journal = "Monthly Weather Review",
  volume = "131",
  pages = "2905--2926",
  year = "2003",
  author = "Brian A. Colle"
}

@misc{countycenters,
  author = {{United States Census Bureau}},
  shortauthor = {{US Census Bureau}},
  title = {{Centers of Population}},
  howpublished = {\url{https://www.census.gov/geo/reference/centersofpop.html}},
  note = {Accessed: 2017-03-21},
  year = {2015}
}

@Manual{countyfloods,
    title = {countyfloods: Quantify United States County-Level Flood Measurements},
    author = {Rod Lammers and G. Brooke Anderson},
    year = {2017},
    note = {R package version 0.0.2},
    url = {https://CRAN.R-project.org/package=countyfloods},
  }

@Manual{countytimezones,
    title = {countytimezones: Convert from UTC to Local Time for United States Counties},
    author = {G. Brooke Anderson and Zhiming Guo},
    year = {2016},
    note = {R package version 1.0.0},
    url = {https://github.com/geanders/countytimezones},
  }

@Manual{countyweather,
    title = {countyweather: Compiles Meterological Data for U.S. Counties},
    author = {Rachel Severson and G. Brooke Anderson},
    year = {2016},
    note = {R package version 0.1.0.9000},
}

@article{Curran2000,
  title={Lightning casualties and damages in the {U}nited {S}tates from 1959 to 1994},
  author={Curran, E Brian and Holle, Ronald L and L{\'o}pez, Ra{\'u}l E},
  journal={Journal of Climate},
  volume={13},
  number={19},
  pages={3448--3464},
  year={2000}
}

@article{currie2013,
  title = "Weathering the storm: hurricanes and birth outcomes",
  journal = "Journal of Health Economics",
  volume = "32",
  pages = "487--503",
  year = "2013",
  doi = "10.1016/j.jhealeco.2013.01.004",
  author = "Janet Currie and Maya Rossin-Slater"
}

@article{cutter1996vulnerability,
  title={Vulnerability to environmental hazards},
  author={Cutter, Susan L},
  journal={Progress in Human Geography},
  volume={20},
  number={4},
  pages={529--539},
  year={1996}
}

@article{czajkowski2010fatal,
  title={Fatal tradeoff? Toward a better understanding of the costs of not evacuating from a hurricane in landfall counties},
  author={Czajkowski, Jeffrey and Kennedy, Emily},
  journal={Population and environment},
  volume={31},
  number={1-3},
  pages={121--149},
  year={2010},
  publisher={Springer}
}

@article{czajkowski2011,
  title = "An analysis of coastal and inland fatalities in landfalling {US} hurricanes",
  journal = "Natural Hazards",
  volume = "59",
  pages = "1513--1531",
  year = "2011",
  author = "Jeffrey Czajkowski and Kevin Simmons and Daniel Sutter"
}

@InBook{dataRetrieval,
    author = {Robert M. Hirsch and Laura A. {De Cicco}},
    title = {User guide to Exploration and Graphics for RivEr Trends (EGRET) and dataRetrieval: R packages for hydrologic data},
    publisher = {U.S. Geological Survey},
    address = {Reston, VA},
    booktitle = {Techniques and Methods},
    institution = {U.S. Geological Survey},
    year = {2015},
    chapter = {A10},
    url = {https://pubs.usgs.gov/tm/04/a10/},
  }

@article{demuth2006improvement,
  title={Improvement of advanced microwave sounding unit tropical cyclone intensity and size estimation algorithms},
  author={Demuth, Julie L and {DeM}aria, Mark and Knaff, John A},
  journal={Journal of Applied Meteorology and Climatology},
  volume={45},
  number={11},
  pages={1573--1581},
  year={2006}
}

@article{domino2003disasters,
  title={Disasters and the public health safety net: {Hurricane Floyd} hits the {North Carolina Medicaid} program},
  author={Domino, Marisa Elena and Fried, Bruce and Moon, Yoosun and Olinick, Joshua and Yoon, Jangho},
  journal={American Journal of Public Health},
  volume={93},
  number={7},
  pages={1122--1127},
  year={2003}
}

@article{dosa2012evacuate,
  title={To evacuate or shelter in place: implications of universal hurricane evacuation policies on nursing home residents},
  author={Dosa, David and Hyer, Kathryn and Thomas, Kali and Swaminathan, Shailender and Feng, Zhanlian and Brown, Lisa and Mor, Vincent},
  journal={Journal of the American Medical Directors Association},
  volume={13},
  number={2},
  pages={190e1--e7},
  year={2012}
}

@article{elsberry2002,
  title = "Predicting hurricane landfall precipitation: optimistic and pessimistic views from the symposium on precipitation extremes",
  journal = "Bulletin of the American Meteorological Society",
  volume = "83",
  number = "9",
  pages = "1333--1339",
  year = "2002",
  author = "Russell L. Elsberry"
}

@misc{empower,
  author = {{United States Department of Health and Human Services}},
  shortauthor = {{US HHS}},
  title = {{HHS emPOWER Map 2.0}},
  howpublished = {\url{https://empowermap.hhs.gov}},
  note = {Accessed: 2017-07-15},
  year = {2016}
}

@article{escobedo2009,
  title={Hurricane debris and damage assessment for {Florida} urban forests},
  author={Escobedo, Francisco J and Luley, Christopher J and Bond, Jerry and Staudhammer, Christina and Bartel, Charles and others},
  journal={Journal of Arboriculture},
  volume={35},
  number={2},
  pages={100},
  year={2009}
}

@article{esnard2011,
  title={An index of relative displacement risk to hurricanes},
  author={Esnard, Ann-Margaret and Sapat, Alka and Mitsova, Diana},
  journal={Natural Hazards},
  volume={59},
  number={2},
  pages={833},
  year={2011}
}

@misc{FEMA,
  title = "The disaster declaration process",
  year = "2016",
  url = "https://www.fema.gov/disaster-declaration-process",
  author = "Department of Homeland Security"
}

@article{franklin2006atlantic,
  title={Atlantic hurricane season of 2004},
  author={Franklin, James L and Pasch, Richard J and Avila, Lixion A and Beven, John L and Lawrence, Miles B and Stewart, Stacy R and Blake, Eric S},
  journal={Monthly Weather Review},
  volume={134},
  number={3},
  pages={981--1025},
  year={2006}
}

@article{franklin2008atlantic,
  title={Atlantic hurricane season of 2006},
  author={Franklin, James L and Brown, Daniel P},
  journal={Monthly Weather Review},
  volume={136},
  number={3},
  pages={1174--1200},
  year={2008}
}

@article{fronstin1994,
  title = "The determinants of residential property damage caused by {H}urricane {A}ndrew",
  journal = "Southern Economic Journal",
  volume = "61",
  number = "2",
  pages = "387--397",
  year = "1994",
  author = "Paul Fronstin and Alphonse G. Holtmann"
}

@article{fuller2014,
  title={The effect of prenatal natural disaster exposure on school outcomes},
  author={Fuller, Sarah C},
  journal={Demography},
  volume={51},
  number={4},
  pages={1501--1525},
  year={2014}
}

@article{gares2014,
  title={Disaster vulnerability of migrant and seasonal farmworkers: a comparison of {Texas} and {North Carolina}},
  author={Gares, Christine E and Montz, Burrell E},
  journal={Southeastern Geographer},
  volume={54},
  number={1},
  pages={36--54},
  year={2014}
}

@article{grabich2015,
  title = "County-level hurricane exposure and birth rates: application of difference-in-differences analysis for confounding control",
  journal = "Emerging Themes in Epidemiology",
  volume = "12",
  pages = "19",
  year = "2015",
  author = "S. C. Grabich and Whitney R. Robinson and Stephanie M. Engel and Charles E. Konrad and C. Konrad and J. Horney"
}

@article{grabich2015measuring,
  title = "Measuring the storm: methods of quantifying hurricane exposure with pregnancy outcomes",
  journal = "Natural Hazards Review",
  volume = "17",
  number = "1",
  pages = "06015002",
  year = "2015",
  author = "S. C. Grabich and J. Horney and C. Konrad and D. T. Lobdell"
}

@article{grabich2016hurricane,
  title={{Hurricane Charley} exposure and hazard of preterm delivery, {Florida 2004}},
  author={Grabich, Shannon C and Robinson, Whitney R and Engel, Stephanie M and Konrad, Charles E and Richardson, David B and Horney, Jennifer A},
  journal={Maternal and Child Health Journal},
  volume={20},
  number={12},
  pages={2474--2482},
  year={2016}
}

@article{grabich2017impact,
  title={Impact of hurricane exposure on reproductive health outcomes, Florida, 2004},
  author={Grabich, Shannon C and Robinson, Whitney R and Konrad, Charles E and Horney, Jennifer A},
  journal={Disaster medicine and public health preparedness},
  volume={11},
  number={4},
  pages={407--411},
  year={2017},
  publisher={Cambridge University Press}
}

@article{greenland1995avoiding,
  title={Avoiding power loss associated with categorization and ordinal scores in dose-response and trend analysis},
  author={Greenland, Sander},
  journal={Epidemiology},
  pages={450--454},
  year={1995}
}

@article{grineski2019impact,
  title={The impact of Hurricane Harvey on Greater Houston households: Comparing pre-event preparedness with post-event health effects, event exposures, and recovery},
  author={Grineski, Sara E and Flores, Aaron B and Collins, Timothy W and Chakraborty, Jayajit},
  journal={Disasters},
  year={2019},
  note={In Press.},
  publisher={Wiley Online Library}
}

@article{haikerwal2015impact,
  title={Impact of fine particulate matter (PM 2.5) exposure during wildfires on cardiovascular health outcomes},
  author={Haikerwal, Anjali and Akram, Muhammad and Del Monaco, Anthony and Smith, Karen and Sim, Malcolm R and Meyer, Mick and Tonkin, Andrew M and Abramson, Michael J and Dennekamp, Martine},
  journal={Journal of the American Heart Association},
  volume={4},
  number={7},
  pages={e001653},
  year={2015},
  publisher={Am Heart Assoc}
}

@article{halverson2015,
  title   = "Second wind: The deadly and destructive inland phase of {E}ast {C}oast hurricanes",
  journal = "Weatherwise",
  volume  = "68",
  number  = "2",
  pages   = "20--27",
  year    = "2015",
  author  = "Jeffrey B. Halverson"
}

@article{hamers1989similarity,
  title={Similarity measures in scientometric research: The {Jaccard} index versus {Salton's} cosine formula.},
  author={Hamers, Lieve and others},
  journal={Information Processing and Management},
  volume={25},
  number={3},
  pages={315--18},
  year={1989}
}

@article{han2009,
  title = "Estimating the spatial distribution of power outages during hurricanes in the {G}ulf {C}oast region",
  journal = "Reliability Engineering \& System Safety",
  volume = "94",
  number = "2",
  pages = "199--210",
  year = "2009",
  author = "Seung-Ryong Han and Seth D. Guikema and Steven M. Quiring and Kyung-Ho Lee and David Rosowsky and Rachel A. Davidson"
}

@article{horney2016,
  title={Quantifying the Health Impacts of Disasters on {Medicare} Beneficiaries},
  author={Horney, Jennifer A and Grabich, Shannon C and Rosenheim, Nathanae},
  journal={Health Systems and Policy Research},
  year={2016}
}

 @Manual{hurricaneexposure,
    title = {{hurricaneexposure}: Explore and Map County-Level Hurricane Exposure in the United States},
    author = {G. Brooke Anderson and Meilin Yan and Joshua Ferreri and William Crosson and Mohammad Al-Hamdan and Andrea Schumacher and Dirk Eddelbuettel},
    year = {2017},
    note = {R package version 0.0.1},
    url = {https://cran.r-project.org/package=hurricaneexposure},
  }

@Manual{hurricaneexposuredata,
    title = {{hurricaneexposuredata}: Data Characterizing Exposure to Hurricanes in United States Counties},
    author = {G. Brooke Anderson and Andrea Schumacher and William Crosson and Mohammad Al-Hamdan and Meilin Yan and Joshua Ferreri and Ziyu Chen and Steven Quiring and Seth Guikema},
    year = {2017},
    note = {R package version 0.0.2},
    url = {https://github.com/geanders/hurricaneexposuredata},
  }

@article{ibrahim2005unfortunate,
  title={unfortunate, but timely.},
  author={Ibrahim, MA},
  journal={Epidemiologic reviews},
  volume={27},
  pages={1},
  year={2005}
}

@article{issa2018deaths,
  title={Deaths related to Hurricane Irma—Florida, Georgia, and North Carolina, September 4--October 10, 2017},
  author={Issa, Anindita and Ramadugu, Kirtana and Mulay, Prakash and Hamilton, Janet and Siegel, Vivi and Harrison, Chris and Campbell, Christine Mullarkey and Blackmore, Carina and Bayleyegn, Tesfaye and Boehmer, Tegan},
  journal={Morbidity and Mortality Weekly Report},
  volume={67},
  number={30},
  pages={829},
  year={2018},
  publisher={Centers for Disease Control and Prevention}
}

@article{jaccard1901distribution,
  title={Distribution de la flore alpine dans le bassin des {Dranses} et dans quelques r{\'e}gions voisines},
  author={Jaccard, Paul},
  journal={Bulletin de la Soci{\'e}t{\'e} Vaudoise des Sciences Naturelles},
  volume={37},
  pages={241--272},
  year={1901}
}

@article{jaccard1908nouvelles,
  title={Nouvelles recherches sur la distribution floral},
  author={Jaccard, Paul},
  journal={Bulletin de la Soci{\'e}t{\'e} Vaudoise des Sciences Naturelles},
  volume={44},
  pages={223--270},
  year={1908}
}

@article{jarvinen1988,
  title={A tropical cyclone data tape for the {N}orth {A}tlantic basin, 1886--1977: Contents, limitations, and uses},
  author={Jarvinen, Brian R. and Eduardo L. Caso},
  journal={NOAA Technical Memorandum NWS NHC 6},
  year={1978}
}

@article{jiang2008,
  title = "Hurricane 'rainfall potential' derived from satellite observations aids overland rainfall prediction",
  journal = "Journal of Applied Meteorology and Climatology",
  volume = "47",
  pages = "944--959",
  year = "2008",
  author = "Haiyan Jiang and Jeffrey B. Halverson and Joanne Simpson and Edward J. Zipser"
}

@article{jurek2008brief,
  title={How far from non-differential does exposure or disease misclassification have to be to bias measures of association away from the null?},
  author={Jurek, Anne M and Greenland, Sander and Maldonado, George},
  journal={International Journal of Epidemiology},
  volume={37},
  number={2},
  pages={382--385},
  year={2008}
}

@article{kendall1938new,
  title={A new measure of rank correlation},
  author={Kendall, Maurice G},
  journal={Biometrika},
  volume={30},
  number={1/2},
  pages={81--93},
  year={1938}
}

@article{kessler2007hurricane,
  title={{Hurricane Katrina’s} impact on the care of survivors with chronic medical conditions},
  author={{Hurricane Katrina Community Advisory Group} and Kessler, Ronald C},
  journal={Journal of General Internal Medicine},
  volume={22},
  number={9},
  pages={1225--1230},
  year={2007}
}

@article{kim2015,
  title={Considering disaster vulnerability and resiliency: the case of hurricane effects on tourism-based economies},
  author={Kim, Hyun and Marcouiller, David W},
  journal={The Annals of Regional Science},
  volume={54},
  number={3},
  pages={945--971},
  year={2015}
}

@article{kim2016,
  title={Effect of {Hurricane Sandy} on {Long Island} emergency departments visits},
  author={Kim, Hyun and Schwartz, Rebecca M and Hirsch, Jerrold and Silverman, Robert and Liu, Bian and Taioli, Emanuela},
  journal={Disaster Medicine and Public Health Preparedness},
  volume={10},
  number={3},
  pages={344--350},
  year={2016}
}

@article{kilpatrick2007,
  title = "The serotonin transporter genotype and social support and moderatin of posttraumatic stress disorder and depression in hurricane-exposed adults",
  journal = "American Journal of Psychiatry",
  volume = "164",
  number = "11",
  pages = "1693--1699",
  year = "2007",
  doi = "10.1176/appi.ajp.2007.06122007",
  author = "Dean G. Kilpatrick and Karestan C. Koenen and Kenneth J. Ruggiero and Ron Acierno and Sandro Galea and Heidi S. REsnick and John Roitzsch and John Boyle and Joel Gelernter"
}

@article{kinney2008,
  title={Autism prevalence following prenatal exposure to hurricanes and tropical storms in {Louisiana}},
  author={Kinney, Dennis K and Miller, Andrea M and Crowley, David J and Gerber, Erika},
  journal={Journal of Autism and Developmental Disorders},
  volume={38},
  number={3},
  pages={481--488},
  year={2008},
  publisher={Springer}
}

@article{knaff2016using,
	title = {Using routinely available information to estimate tropical cyclone wind structure},
	author = {Knaff, John A and Slocum, Christopher J and Musgrave, Kate D and 
		Sampson, Charles R and Strahl, Brian R},
	journal = {Monthly Weather Review},
	volume = {144},
	pages = {1233--1247},
	year = {2016}
}

@article{kossin2007more,
  title={A more general framework for understanding {Atlantic} hurricane variability and trends},
  author={Kossin, James P and Vimont, Daniel J},
  journal={Bulletin of the American Meteorological Society},
  volume={88},
  number={11},
  pages={1767--1781},
  year={2007}
}

@article{kruk2010,
  title = "A climatology of inland winds from tropical cyclones for the {Eastern United States}",
  journal = "Journal of Applied Meteorology and Climatology",
  volume = "49",
  pages = "1538--1547",
  year = "2010",
  author = "Michael C. Kruk and Ethan J. Gibney and David H. Levinson and Michael Squires"
}

@article{kunkel1999,
  title = "Temporal fluctuations in weather and climate extremes that cause econmic and human health impacts: a review",
  journal = "Bulletin of the American Meteorological Society",
  volume = "80",
  number = "6",
  pages = "1077--1098",
  year = "1999",
  author = "Kenneth E. Kunkel and Roger A. {Pielke Jr} and Stanley A. Changnon"
}

@article{landsea1996,
  title = "Downward trends in the frequency of intense at {A}tlantic Hurricanes during the past five decades",
  journal = "Geophysical Research Letters",
  volume = "23",
  number = "13",
  pages = "1697--1700",
  year = "1996",
  doi = "10.1029/96GL01029",
  author = "Christopher W. Landsea and Neville Nicholls and William M. Gray and Lixion A. Avila"
}

@article{landsea2013,
  title   = "Atlantic hurricane database uncertainty and presentation of a new database format",
  journal = "Monthly Weather Review",
  volume  = "141",
  pages   = "3576--3592",
  year    = "2013",
  author  = "Christopher W. Landsea and James L. Franklin"
}

@article{lawrence2000atlantic,
  title={Atlantic hurricanes: {Floyd's} fury highlighted another above-average year},
  author={Lawrence, Miles and Avila, Lixion and Beven, Jack and Franklin, James and Guiney, John and Pasch, Richard},
  journal={Weatherwise},
  volume={53},
  number={2},
  pages={39--43},
  year={2000}
}

@article{lawrence2005atlantic,
  title={Atlantic hurricane season of 2003},
  author={Lawrence, Miles B and Avila, Lixion A and Beven, John L and Franklin, James L and Pasch, Richard J and Stewart, Stacy R},
  journal={Monthly Weather Review},
  volume={133},
  number={6},
  pages={1744--1773},
  year={2005}
}

@article{le2013,
  title={Displacement, county social cohesion, and depression after a large-scale traumatic event},
  author={L{\^e}, F{\'e}lice and Tracy, Melissa and Norris, Fran H and Galea, Sandro},
  journal={Social Psychiatry and Psychiatric Epidemiology},
  volume={48},
  number={11},
  pages={1729--1741},
  year={2013},
  publisher={Springer}
}

@article{levinson2010,
  title   = "Toward a homogenous global tropical cyclone best-track dataset",
  journal = "American Meteorological Society",
  volume  = "x",
  pages   = "377--380",
  year    = "2010",
  doi = "10.1175/2010BAMS2930.1",
  author  = "David H. Levinson and Howard J. Diamond and Kenneth R. Knapp and Michael C. Kruk and Ethan J. Gibney"
}

@article{leydesdorff2008normalization,
  title={On the normalization and visualization of author co-citation data: {Salton's Cosine} versus the {Jaccard} index},
  author={Leydesdorff, Loet},
  journal={Journal of the Association for Information Science and Technology},
  volume={59},
  number={1},
  pages={77--85},
  year={2008}
}

@article{lieberman2017,
  title={Self-Reported and {FEMA} Flood Exposure Assessment after {Hurricane Sandy}: Association with Mental Health Outcomes},
  author={Lieberman-Cribbin, Wil and Liu, Bian and Schneider, Samantha and Schwartz, Rebecca and Taioli, Emanuela},
  journal={PloS ONE},
  volume={12},
  number={1},
  pages={e0170965},
  year={2017}
}

@article{liu2005,
  title = "Negative binomial regression of electric power outages in hurricanes",
  journal = "Journal of Infrastructure Systems",
  volume = "11",
  number = "4",
  pages = "258--267",
  year = "2005",
  doi = "10.1061/(ASCE)1076-0342(2005)",
  author = "Haibin Liu and Rachel A. Davidson and David V. Rosowsky and Jery R. Stedinger"
}

@article{liu2017wildfire,
  title={Wildfire-specific fine particulate matter and risk of hospital admissions in urban and rural counties},
  author={Liu, Jia Coco and Wilson, Ander and Mickley, Loretta J and Dominici, Francesca and Ebisu, Keita and Wang, Yun and Sulprizio, Melissa P and Peng, Roger D and Yue, Xu and Son, Ji-Young and others},
  journal={Epidemiology (Cambridge, Mass.)},
  volume={28},
  number={1},
  pages={77},
  year={2017},
  publisher={NIH Public Access}
}

@article{logan2015,
  title={Vulnerability to hurricane damage on the {US Gulf Coast} since 1950},
  author={Logan, John R and Xu, Zengwang},
  journal={Geographical Review},
  volume={105},
  number={2},
  pages={133--155},
  year={2015}
}

@article{mallin2006,
  title = "How hurricane attributes determine the extent of environmental effects: Multiple hurricanes and different coastal systems",
  journal = "Estuaries and Coasts",
  volume = "29",
  number = "6A",
  pages = "1046--1061",
  year = "2006",
  author = "Michael A. Mallin and Catherine A. Corbett"
}

@article{mckinney2011,
  title={Direct and indirect mortality in {Florida} during the 2004 hurricane season},
  author={McKinney, Nathan and Houser, Chris and Meyer-Arendt, Klaus},
  journal={International Journal of Biometeorology},
  volume={55},
  number={4},
  pages={533--546},
  year={2011}
}

@article{medlin2007,
  title = "Radar and rain gauge analysis of the extreme rainfall during {H}urricane {D}anny's (1997) landfall",
  journal = "Monthly Weather Review",
  volume = "135",
  pages = "1869--1888",
  year = "2007",
  author = "Jeffrey M. Medlin and Sytske K. Kimball and Keith G. Blackwell"
}

@article{menne2012overview,
  title={An overview of the {Global Historical Climatology Network---Daily} database},
  author={Menne, Matthew J and Durre, Imke and Vose, Russell S and Gleason, Byron E and Houston, Tamara G},
  journal={Journal of Atmospheric and Oceanic Technology},
  volume={29},
  number={7},
  pages={897--910},
  year={2012}
}

@article{milojevic2017mental,
  title={Mental health impacts of flooding: a controlled interrupted time series analysis of prescribing data in England},
  author={Milojevic, Ai and Armstrong, Ben and Wilkinson, Paul},
  journal={J Epidemiol Community Health},
  volume={71},
  number={10},
  pages={970--973},
  year={2017},
  publisher={BMJ Publishing Group Ltd}
}

@article{mongin2017,
  title={Measuring the Impact of Disasters Using Publicly Available Data: Application to 2012 {Hurricane Sandy}},
  author={Mongin, Steven J and Baron, Sherry L and Schwartz, Rebecca M and Liu, Bian and Taioli, Emanuela and Kim, Hyun},
  journal={American Journal of Epidemiology},
  volume={186},
  number={11},
  pages={1290--1299},
  year={2017}
}

@article{moore2012,
  title = "Tropical cyclone-tornado casualties",
  journal = "Natural Hazards",
  volume = "61",
  pages = "621--634",
  year = "2012",
  author = "Todd W. Moore and Richard W. Dixon"
}

@article{mukherjee2017,
  title={Assessing the Relationship Between Mental Distress and Tobacco Use in Post-{Katrina} and {Rita} {Louisiana}},
  author={Mukherjee, Snigdha and Canterberry, Melanie and Yore, Jennifer B and Ledford, Edward Cannon and Carton, Thomas W},
  journal={Substance Use \& Misuse},
  pages={1--8},
  year={2017}
}

@article{murtagh2012algorithms,
  title={Algorithms for hierarchical clustering: an overview},
  author={Murtagh, Fionn and Contreras, Pedro},
  journal={Wiley Interdisciplinary Reviews: Data Mining and Knowledge Discovery},
  volume={2},
  number={1},
  pages={86--97},
  year={2012}
}

@article{noji2005disasters,
  title={Disasters: Introduction and state of the art},
  author={Noji, Eric K},
  journal={Epidemiologic Reviews},
  volume={27},
  number={1},
  pages={3--8},
  year={2005},
  publisher={Oxford University Press}
}

@misc{nihreporter,
  author = {{National Institutes of Health}},
  title = {Research Portfolio Online Reporting Tools (RePORT)},
  year = {2019},
  url = {https://report.nih.gov/}, 
  note = {Accessed: 2019-10-01}
}

@Manual{noaastormevents,
    title = {noaastormevents: Explore NOAA Storm Events Database},
    author = {G. Brooke Anderson and Ziyu Chen},
    year = {2017},
    note = {R package version 0.1.0},
    url = {https://github.com/zailchen/noaastormevents},
  }

@article{olden2006defining,
  title={On defining and quantifying biotic homogenization},
  author={Olden, Julian D and Rooney, Thomas P},
  journal={Global Ecology and Biogeography},
  volume={15},
  number={2},
  pages={113--120},
  year={2006}
}

@article{paul2019brief,
  title={Brief communication: Analysis of the fatalities and socio-economic impacts caused by {Hurricane Florence}},
  author={Paul, Srikanto and Ghebreyesus, Dawit and Sharif, Hatim O},
  journal={Geosciences},
  volume={9},
  number={2},
  pages={58},
  year={2019},
  publisher={Multidisciplinary Digital Publishing Institute}
}

@article{peduzzi2009assessing,
  title={Assessing global exposure and vulnerability towards natural hazards: the {Disaster Risk Index}},
  author={Peduzzi, Pascal and Dao, Hy and Herold, Christian and Mouton, Frederic},
  journal={Natural Hazards and Earth System Sciences},
  volume={9},
  number={4},
  pages={1149},
  year={2009}
}

@article{phadke2003modeling,
  title={Modeling of tropical cyclone winds and waves for emergency management},
  author={Phadke, Amal C and Martino, Christopher D and Cheung, Kwok Fai and Houston, Samuel H},
  journal={Ocean Engineering},
  volume={30},
  number={4},
  pages={553--578},
  year={2003}
}

@book{pielke1997,
  title = "Hurricanes: Their Nature and Impacts on Society",
  author = "Roger A. {Pielke Jr} and Roger A. {Pielke Sr}",
  year = "1997",
  publisher = "John Wiley and Sons"
}

@article{pielke1998,
  title = "Normalized hurricane damages in the {United States}: 1925--95",
  journal = "Weather and Forecasting",
  volume = "13",
  pages = "621--631",
  year = "1998",
  author = "Roger A. Pielke and Christopher W. Landsea"
}

@article{quiring2011variations,
  title={Variations in mean annual tropical cyclone size in the {Atlantic}},
  author={Quiring, Steven and Schumacher, Andrea and Labosier, Chris and Zhu, Laiyin},
  journal={Journal of Geophysical Research: Atmospheres},
  volume={116},
  pages={D09114},
  year={2011}
}

@article{rappaport2000,
  title = "Loss of life in the {United States} associated with recent {Atlantic} tropical cyclones",
  journal = "Bulletin of the American Meteorological Society",
  volume={81},
  number={9},
  pages = "2065--2073",
  year = "2000",
  author = "Edward N. Rappaport"
}

@article{rappaport2014fatalities,
  title={Fatalities in the United States from Atlantic tropical cyclones: New data and interpretation},
  author={Rappaport, Edward N},
  journal={Bulletin of the American Meteorological Society},
  volume={95},
  number={3},
  pages={341--346},
  year={2014},
  publisher={American Meteorological Society}
}

@article{rappaport2016fatalities,
  title={Fatalities in the United States indirectly associated with Atlantic tropical cyclones},
  author={Rappaport, Edward N and Blanchard, B Wayne},
  journal={Bulletin of the American Meteorological Society},
  volume={97},
  number={7},
  pages={1139--1148},
  year={2016}
}

@article{rezapour2014,
  title = "Classification of hurricane hazards: the importance of rainfall",
  journal = "Weather and Forcasting",
  volume = "29",
  pages = "1319--1331",
  year = "2014",
  author = "Mehdi Rezapour and Tom E. Baldock"
}

@misc{retirednames,
  title = {{Tropical Cyclone Naming History and Retired Names}},
  author = {{National Hurricane Center}},
  howpublished = {\url{http://www.nhc.noaa.gov/aboutnames_history.shtml}},
  note = {Accessed: 2017-03-21},
  year = {2017}
}

@Manual{rnoaa,
    title = {rnoaa: 'NOAA' Weather Data from R},
    author = {Scott Chamberlain},
    year = {2017},
    note = {R package version 0.7.0},
    url = {https://CRAN.R-project.org/package=rnoaa},
  }

@article{rui2013nldas,
  title={{README Document for North America Land Data Assimilation System Phase 2 (NLDAS-2) Products}},
  author={Rui, H and Mocko, D},
  journal={Goddard Earth Sciences Data and Information Services Center},
  year={2014}
}

@article{powell1998,
  title = "The HRD real-time hurricane wind analysis system",
  journal = "Journal of Wind Engineering and Industrial Aerodynamics",
  volume = "77 \& 78",
  pages = "53--64",
  year = "1998",
  author = "Mark D. Powell and Sam H. Houston and Luis R. Amat and Nirva Morisseau-Leroy"
}

@Manual{R,
    title = {R: A Language and Environment for Statistical Computing},
    author = {{R Core Team}},
    organization = {R Foundation for Statistical Computing},
    address = {Vienna, Austria},
    year = {2017},
    url = {https://www.R-project.org/},
  }

@article{rees2001,
  title = "Tropical storms and the flood hydrology of the central {A}ppalachians",
  journal = "Water Resources Research",
  volume = "37",
  number = "8",
  pages = "2143--2168",
  year = "2001",
  author = "Paula Sturdevant--Rees and James A. Smith and Julia Morrison and Mary Lynn Baeck"
}

@article{rivera2018estimating,
  title={Estimating the death toll of Hurricane Maria},
  author={Rivera, Roberto and Rolke, Wolfgang},
  journal={Significance},
  volume={15},
  number={1},
  pages={8--9},
  year={2018},
  publisher={Wiley Online Library}
}

@article{rosenheim2018disaster,
  title={Disaster impacts on cost and utilization of {Medicare}},
  author={Rosenheim, Nathanael and Grabich, Shannon and Horney, Jennifer A},
  journal={BMC Health Services Research},
  volume={18},
  number={1},
  pages={89},
  year={2018}
}

@article{royston2006dichotomizing,
  title={Dichotomizing continuous predictors in multiple regression: a bad idea},
  author={Royston, Patrick and Altman, Douglas G and Sauerbrei, Willi},
  journal={Statistics in Medicine},
  volume={25},
  number={1},
  pages={127--141},
  year={2006}
}

@article{santos2018use,
  title={Use of death counts from vital statistics to calculate excess deaths in Puerto Rico following Hurricane Maria},
  author={Santos-Lozada, Alexis R and Howard, Jeffrey T},
  journal={Journal of the American Medical Association},
  volume={320},
  number={14},
  pages={1491--1493},
  year={2018},
  publisher={American Medical Association}
}

@article{santos2018differential,
  title={Differential and persistent risk of excess mortality from Hurricane Maria in Puerto Rico: a time-series analysis},
  author={Santos-Burgoa, Carlos and Sandberg, John and Su{\'a}rez, Erick and Goldman-Hawes, Ann and Zeger, Scott and Garcia-Meza, Alejandra and P{\'e}rez, Cynthia M and Estrada-Merly, Noel and Col{\'o}n-Ramos, Uriyoan and Nazario, Cruz Mar{\'\i}a and others},
  journal={The Lancet Planetary Health},
  volume={2},
  number={11},
  pages={e478--e488},
  year={2018},
  publisher={Elsevier}
}

@article{sarewitz2003vulnerability,
  title={Vulnerability and risk: some thoughts from a political and policy perspective},
  author={Sarewitz, Daniel and Pielke, Roger and Keykhah, Mojdeh},
  journal={Risk Analysis},
  volume={23},
  number={4},
  pages={805--810},
  year={2003}
}

@book{savitz2016interpreting,
  title={Interpreting Epidemiologic Evidence: Connecting Research to Applications},
  author={Savitz, David A and Wellenius, Gregory A},
  year={2016},
  publisher={Oxford University Press}
}

@inproceedings{seneviratne2012,
  title={Changes in climate extremes and their impacts on the natural physical environment: An overview of the {IPCC SREX} report},
  author={Seneviratne, SI and Nicholls, N and Easterling, D and Goodess, CM and Kanae, S and Kossin, J and Luo, Y and Marengo, J and McInnes, K and Rahimi, M and others},
  booktitle={EGU General Assembly Conference Abstracts},
  pages={109--230},
  year={2012}
}

@article{shepherd2011overview,
	title = {An overview of synoptic and mesoscale factors contributing to the disastrous
		{Atlanta} flood of 2009},
	author = {Shepherd, Marshall and Mote, Thomas and Dowd, John and Roden, Mike and
		Knox, Pamela and McCutcheon, Steven C. and Nelson, Steven E.},
	journal = {Bulletin of the American Meteorological Society},
	volume = {92},
	number = {7},
	year = {2011},
	pages = {861--870}
}

@article{sheridan2004,
  title={Progress in heat watch-warning system technology},
  author={Sheridan, Scott C and Kalkstein, Laurence S},
  journal={Bulletin of the American Meteorological Society},
  volume={85},
  number={12},
  pages={1931},
  year={2004}
}

@Manual{shiny2019,
    title = {{shiny: Web Application Framework for R}},
    author = {Winston Chang and Joe Cheng and JJ Allaire and Yihui Xie and Jonathan McPherson},
    year = {2019},
    note = {R package version 1.3.2},
    url = {https://CRAN.R-project.org/package=shiny},
  }

@book{smith1992,
  title={Environmental Hazards: Assessing Risk and Reducing Disaster},
  author={Smith, Keith},
  year={1992},
  publisher={Routledge}
}

@book{smith2009,
  title={Environmental Hazards: Assessing Risk and Reducing Disaster},
  author={Smith, Keith and Petley, David N.},
  year={2009},
  publisher={Taylor and Francis}
}

@article{smith2011,
  title = "Mixture distributions and the hydroclimatology of extreme rainfall and flooding in the eastern {U}nited {S}tates",
  journal = "Journal of Hydrometeorology",
  volume = "12",
  pages = "294--309",
  doi = "10.1175/2010JHM1242.1",
  author = "James A. Smith and Gabriele Villarini and Mary Lynn Baeck"
}

@article{son2012impact,
  title={The impact of heat waves on mortality in seven major cities in Korea},
  author={Son, Ji-Young and Lee, Jong-Tae and Anderson, G Brooke and Bell, Michelle L},
  journal={Environmental health perspectives},
  volume={120},
  number={4},
  pages={566--571},
  year={2012},
  publisher={National Institute of Environmental Health Sciences}
}

@article{spearman1904proof,
  title={The proof and measurement of association between two things},
  author={Spearman, Charles},
  journal={The American Journal of Psychology},
  volume={15},
  number={1},
  pages={72--101},
  year={1904}
}

@misc{stormevents,
  author = {{National Oceanic and Atmospheric Administration's National Centers for Environmental Information}},
  shortauthor = {{NOAA NCEI}},
  title = {{Storm Events Database}},
  howpublished = {\url{https://www.ncdc.noaa.gov/stormevents/}},
  note = {Accessed: 2017-03-23},
  year = {2017}
}

@Manual{stormwindmodel,
    title = {stormwindmodel: Model Tropical Cyclone Wind Speeds},
    author = {G. Brooke Anderson and Andrea Schumacher and Seth Guikema and Steven Quiring and Joshua Ferreri},
    year = {2017},
    note = {R package version 0.1.0},
    url = {https://CRAN.R-project.org/package=stormwindmodel},
  }

@article{strobl2011economic,
  title={The economic growth impact of hurricanes: evidence from {US} coastal counties},
  author={Strobl, Eric},
  journal={Review of Economics and Statistics},
  volume={93},
  number={2},
  pages={575--589},
  year={2011}
}

@article{swerdel2014,
  title={The effect of {Hurricane Sandy} on cardiovascular events in {New Jersey}},
  author={Swerdel, Joel N and Janevic, Teresa M and Cosgrove, Nora M and Kostis, John B and others},
  journal={Journal of the American Heart Association},
  volume={3},
  number={6},
  pages={e001354},
  year={2014}
}

@article{tansel2010,
  title={Significance of historical hurricane activity on structural damage profile and posthurricane population fluctuation in {South Florida} urban areas},
  author={Tansel, Berrin and Sizirici, Banu},
  journal={Natural Hazards Review},
  volume={12},
  number={4},
  pages={196--201},
  year={2010}
}

@article{tanz2019notes,
  title={Notes from the field: Hurricane Florence--related emergency department visits—North Carolina, 2018},
  author={Tanz, Lauren J and Hoffman, Molly N and Dandeneau, Dana and Faigen, Zachary and Moore, Zack and Proescholdbell, Scott and Kansagra, Susan M},
  journal={Morbidity and Mortality Weekly Report},
  volume={68},
  number={28},
  pages={631},
  year={2019},
  publisher={Centers for Disease Control and Prevention}
}

@misc{usgsgages,
  author={{United States Geological Survey}},
  shortauthor={{USGS}},
  title={{National Water Information System} data available on the {World Wide Web} ({USGS Water Data for the Nation})},
  year={2016},
  howpublished={\url{https://waterdata.usgs.gov/nwis/}},
  note={Accessed: 2018-02-26}
}

@article{villarini2011,
  title = "Characterization of rainfall distribution and flooding associated with U.S. landfalling tropical cyclones: analysis of hurricanes Frances, Ivan, and Jeanne (2004)",
  journal = "Journal of Geophysical Research",
  volume = "116",
  pages = "D23116",
  year = "2011",
  author = "Gabriele Villarini and James A. Smith and Mary Lynn Baeck and Timothy Marchok and Gabriel A. Vecchi"
}

@article{weinberg1995bad,
  title={How bad is categorization?},
  author={Weinberg, Clarice R},
  journal={Epidemiology},
  pages={345--347},
  year={1995}
}

@article{willoughby2006parametric,
  title={Parametric representation of the primary hurricane vortex. {Part II}: A new family of sectionally continuous profiles},
  author={Willoughby, HE and Darling, RWR and Rahn, ME},
  journal={Monthly Weather Review},
  volume={134},
  number={4},
  pages={1102--1120},
  year={2006}
}

@article{Witt1998,
  title={An enhanced hail detection algorithm for the {WSR-88D}},
  author={Witt, Arthur and Eilts, Michael D and Stumpf, Gregory J and Johnson, JT and Mitchell, E De Wayne and Thomas, Kevin W},
  journal={Weather and Forecasting},
  volume={13},
  number={2},
  pages={286--303},
  year={1998}
}

@article{zahran2010,
  title={Maternal hurricane exposure and fetal distress risk},
  author={Zahran, Sammy and Snodgrass, Jeffrey G and Peek, Lori and Weiler, Stephan},
  journal={Risk Analysis},
  volume={30},
  number={10},
  pages={1590--1601},
  year={2010}
}

@article{zandbergen2009,
  title = "Exposure of {US} counties to {Atlantic} tropical storms and hurricanes, 1851--2003",
  journal = "Natural Hazards",
  volume = "48",
  pages = "83--99",
  year = "2009",
  author = "Paul A. Zandbergen"
}

@article{zhu2013variations,
  title={Variations in tropical cyclone precipitation in {Texas} (1950 to 2009)},
  author={Zhu, Laiyin and Quiring, Steven M},
  journal={Journal of Geophysical Research: Atmospheres},
  volume={118},
  number={8},
  pages={3085--3096},
  year={2013}
}
