@article{AlHamdan2014,
  title={Environmental public health applications using remotely sensed data},
  author={Al-Hamdan, Mohammad Z and Crosson, William L and Economou, Sigrid A and Estes Jr, Maurice G and Estes, Sue M and Hemmings, Sarah N and Kent, Shia T and Puckett, Mark and Quattrochi, Dale A and Rickman, Douglas L and others},
  journal={Geocarto International},
  volume={29},
  number={1},
  pages={85--98},
  year={2014},
  doi = {10.1080/10106049.2012.715209}
}

@article{Ashley2008,
  title={Flood fatalities in the {U}nited {S}tates},
  author={Ashley, Sharon T and Ashley, Walker S},
  journal={Journal of Applied Meteorology and Climatology},
  volume={47},
  number={3},
  pages={805--818},
  year={2008}
}

@article{Atallah2003,
  title = "The extratropical transition and precipitation distribution of hurricane {F}loyd (1999)",
  journal = "Monthly Weather Review",
  volume = "131",
  pages = "1063--1081",
  year = "2003",
  author = "Eyad H. Atallah and Lance F. Bosart"
}

@article{Atallah2007,
  title={Precipitation distribution associated with landfalling tropical cyclones over the eastern {U}nited {S}tates},
  author={Atallah, Eyad and Bosart, Lance F and Aiyyer, Anantha R},
  journal={Monthly Weather Review},
  volume={135},
  number={6},
  pages={2185--2206},
  year={2007},
  doi = {10.1175/MWR3382.1}
}

@article{Atallah2007,
  title = "Precipitation distribution associated with landfalling tropical cyclones over the Eastern United States",
  journal = "Monthly Weather Review",
  volume = "135",
  pages = "2185--2206",
  year = "2007",
  doi = "10.1175/MWR3382.1",
  author = "Eyad Atallah and Lance F. Bosart and Anantha R. Aiyyer"
}

@article{Cerveny2000,
  title = "Climatological relationships between tropical cyclones and rainfall",
  journal = "Monthly Weather Review",
  volume = "128",
  pages = "3329--3336",
  year = "2000",
  author = "Randall S. Cerveny and Lynn E. Newman"
}

@article{Chang2012,
  title = "Large increasing trend of tropical cyclone rainfall in {T}aiwan and the roles of terrain",
  journal = "Journal of Climate",
  volume = "26",
  pages = "4138--4147",
  year = "2013",
  doi = "10.1175/JCLI-D-12-00463.1",
  author = "Chih--Pei Chang and Yi--Ting Yang and Hung--Chi Kuo"
}

@article{Chen2015,
  title = "Variations in streamflow response to large hurricane-season storms in a southeastern {U.S.} watershed",
  journal = "Journal of Hydrometeorology",
  volume = "16",
  pages = "55--69",
  year = "2015",
  doi = "10.1175/JHM-D-14-0044.1",
  author = "Xing Chen and Mukesh Kumar and Brian L. McGlynn"
}

@article{Colle2003,
  title = "Numerical simulations of the extratropical transition of {F}loyd (1999): structural evolution and responsible mechanisms for the heavy rainfall over the northeast {U}nited {S}tates",
  journal = "Monthly Weather Review",
  volume = "131",
  pages = "2905--2926",
  year = "2003",
  author = "Brian A. Colle"
}

@article{Currie2013,
  title = "Weathering the storm: hurricanes and birth outcomes",
  journal = "Journal of Health Economics",
  volume = "32",
  pages = "487--503",
  year = "2013",
  doi = "10.1016/j.jhealeco.2013.01.004",
  author = "Janet Currie and Maya Rossin-Slater"
}

@article{Czajkowski2011,
  title = "An analysis of coastal and inland fatalities in landfalling US hurricanes",
  journal = "Natural Hazards",
  volume = "59",
  pages = "1513--1531",
  year = "2011",
  doi = "10.1007/s11069-011-9849-x",
  author = "Jeffrey Czajkowski and Kevin Simmons and Daniel Sutter"
}

@article{Demuth2006,
  title={Improvement of advanced microwave sounding unit tropical cyclone intensity and size estimation algorithms},
  author={Demuth, Julie L and DeMaria, Mark and Knaff, John A},
  journal={Journal of Applied Meteorology and Climatology},
  volume={45},
  number={11},
  pages={1573--1581},
  year={2006}
}

@article{Elsberry2002,
  title = "Predicting hurricane landfall precipitation: optimistic and pessimistic views from the symposium on precipitation extremes",
  journal = "Bulletin of the American Meteorological Society",
  volume = "83",
  number = "9",
  pages = "1333--1339",
  year = "2002",
  author = "Russell L. Elsberry"
}

@article{Emanuel2006,
  title = "A statistical deterministic approach to hurricane risk assessment",
  journal = "Bulletin of the American Meteorological Society",
  volume = "87",
  number = "3",
  pages = "299--314, 276--277",
  year = "2006",
  author = "Kerry Emanuel and Sai Ravela and Emmanuel Vivant and Camille Risi"
}

@misc{FEMA,
  title = "The disaster declaration process",
  year = "2016",
  url = "https://www.fema.gov/disaster-declaration-process",
  author = "Department of Homeland Security"
}

@article{Fronstin1994,
  title = "The determinants of residential property damage caused by {H}urricane {A}ndrew",
  journal = "Southern Economic Journal",
  volume = "61",
  number = "2",
  pages = "387--397",
  year = "1994",
  author = "Paul Fronstin and Alphonse G. Holtmann"
}

@article{Grabich2015,
  title = "County-level hurricane exposure and birth rates: application of difference-in-differences analysis for confounding control",
  journal = "Emerging Themes in Epidemiology",
  volume = "12",
  pages = "19",
  year = "2015",
  doi = "10.1186/s12982-015-0042-7",
  author = "S. C. Grabich and Whitney R. Robinson and Stephanie M. Engel and Charles E. Konrad and C. Konrad and J. Horney"
}

@article{Grabich2016,
  title = "Measuring the storm: methods of quantifying hurricane exposure with pregnancy outcomes",
  journal = "Natural Hazards Review",
  volume = "17",
  number = "1",
  pages = "06015002",
  year = "2016",
  doi = "10.1061/(ASCE)NH.1527-6996.0000204",
  author = "S. C. Grabich and J. Horney and C. Konrad and D. T. Lobdell"
}

@article{Griffith1978,
  title = "Rain estimation from geosynchronous satellite imagery--visible and infrared studies",
  journal = "Monthly Weather Review",
  volume = "106",
  pages = "1153--1171",
  year = "1978",
  author = "Cecilia G. Griffith and William L. Woodley and Pamela G. Grube and David W. Martin and John Stout and Dhirendra N. Sikdar"
}

@article{Halverson2015,
  title   = "Second wind: The deadly and destructive inland phase of {E}ast {C}oast hurricanes",
  journal = "Weatherwise",
  volume  = "68",
  number  = "2",
  pages   = "20--27",
  year    = "2015",
  doi     = "10.1080/00431672.2015.997562",
  author  = "Jeffrey B. Halverson"
}

@article{Han2009,
  title = "Estimating the spatial distribution of power outages during hurricanes in the {G}ulf coast region",
  journal = "Reliability Engineering & System Safety",
  volume = "94",
  number = "2",
  pages = "199--210",
  year = "2009",
  author = "Seung-Ryong Han and Seth D. Guikema and Steven M. Quiring and Kyung-Ho Lee and David Rosowsky and Rachel A. Davidson"
}

@article{Hou2014,
  title={The {G}lobal {P}recipitation {M}easurement mission},
  author={Hou, Arthur Y and Kakar, Ramesh K and Neeck, Steven and Azarbarzin, Ardeshir A and Kummerow, Christian D and Kojima, Masahiro and Oki, Riko and Nakamura, Kenji and Iguchi, Toshio},
  journal={Bulletin of the American Meteorological Society},
  volume={95},
  number={5},
  pages={701--722},
  year={2014},
  doi = {10.1175/BAMS-D-13-00164.1}
}

@article{Jarvinen1988,
  title={A tropical cyclone data tape for the {N}orth {A}tlantic basin, 1886-1977: Contents, limitations, and uses},
  author={Jarvinen, Brian R. and Eduardo L. Caso},
  journal={NOAA Technical Memorandum NWS NHC 6},
  year={1978}
}


@article{Jiang2008,
  title = "Hurricane 'rainfall potential' derived from satellite observations aids overland rainfall prediction",
  journal = "Journal of Applied Meteorology and Climatology",
  volume = "47",
  pages = "944--959",
  year = "2008",
  doi = "10.1175/2007JAMC1619.1",
  author = "Haiyan Jiang and Jeffrey B. Halverson and Joanne Simpson and Edward J. Zipser"
}

@article{Kilpatrick2007,
  title = "The serotonin transporter genotype and social support and moderatin of posttraumatic stress disorder and depression in hurricane-exposed adults",
  journal = "American Journal of Psychiatry",
  volume = "164",
  number = "11",
  pages = "1693--1699",
  year = "2007",
  doi = "10.1176/appi.ajp.2007.06122007",
  author = "Dean G. Kilpatrick and Karestan C. Koenen and Kenneth J. Ruggiero and Ron Acierno and Sandro Galea and Heidi S. REsnick and John Roitzsch and John Boyle and Joel Gelernter"
}

@article{Kinney2008,
  title={Autism prevalence following prenatal exposure to hurricanes and tropical storms in Louisiana},
  author={Kinney, Dennis K and Miller, Andrea M and Crowley, David J and Gerber, Erika},
  journal={Journal of autism and developmental disorders},
  volume={38},
  number={3},
  pages={481--488},
  year={2008},
  publisher={Springer}
}

@misc{Klotzbach,
  title={United States Landfall Probability Webpage},
  author={Klotzbach, Philip and Gray, William and Shama, Uma and Harman, Larry and Fitch, Daniel},
  howpublished = {\url{http://www.e-transit.org/hurricane/welcome.html}},
  note = {Accessed: June 22, 2016}
}

@article{Knapp2010,
  title={The {I}nternational {B}est {T}rack {A}rchive for {C}limate {S}tewardship ({IBTrACS})},
  author={Knapp, Kenneth R and Kruk, Michael C and Levinson, David H and Diamond, Howard J and Neumann, Charles J},
  journal={Bulletin of the American Meteorological Society},
  volume={91},
  number={3},
  pages={363--376},
  year={2010},
  doi={10.1175/2009BAMS2755.1}
}

@article{Kruk2010,
  title = "A climatology of inland winds from tropical cyclones for the Eastern United States",
  journal = "Journal of Applied Meteorology and Climatology",
  volume = "49",
  pages = "1538--1547",
  year = "2010",
  doi = "10.1175/2010JAMC2389.1",
  author = "Michael C. Kruk and Ethan J. Gibney and David H. Levinson and Michael Squires"
}

@article{Kunkel1999,
  title = "Temporal fluctuations in weather and climate extremes that cause econmic and human health impacts: a review",
  journal = "Bulletin of the American Meteorological Society",
  volume = "80",
  number = "6",
  pages = "1077--1098",
  year = "1999",
  author = "Kenneth E. Kunkel and Roger A. Pielke Jr and Stanley A. Changnon"
}

@article{Landsea1996,
  title = "Downward trends in the frequency of intense at {A}tlantic Hurricanes during the past five decades",
  journal = "Geophysical Research Letters",
  volume = "23",
  number = "13",
  pages = "1697--1700",
  year = "1996",
  doi = "10.1029/96GL01029",
  author = "Christopher W. Landsea and Neville Nicholls and William M. Gray and Lixion A. Avila"
}

@article{Landsea2013,
  title   = "Atlantic hurricane database uncertainty and presentation of a new database format",
  journal = "Monthly Weather Review",
  volume  = "141",
  pages   = "3576--3592",
  year    = "2013",
  author  = "Christopher W. Landsea and James L. Franklin"
}

@article{Levinson2010,
  title   = "Toward a homogenous global tropical cyclone best-track dataset",
  journal = "American Meteorological Society",
  volume  = "x",
  pages   = "377--380",
  year    = "2010",
  doi = "10.1175/2010BAMS2930.1",
  author  = "David H. Levinson and Howard J. Diamond and Kenneth R. Knapp and Michael C. Kruk and Ethan J. Gibney"
}

@article{Lin2005,
  title = "The NCEP stage II/IV hourly precipitation analyses: development and applications",
  journal = "19th Conference of Hydrology, American Meteorlogical Society",
  year = "2005",
  author = "Ying Lin and Kenneth E. Mitchell"
}

@article{Liu2005,
  title = "Negative binomial regression of electric power outages in hurricanes",
  journal = "Journal of Infrastructure Systems",
  volume = "11",
  number = "4",
  pages = "258--267",
  year = "2005",
  doi = "10.1061/(ASCE)1076-0342(2005)",
  author = "Haibin Liu and Rachel A. Davidson and David V. Rosowsky and Jery R. Stedinger"
}

@article{Mallin2006,
  title = "How hurricane attributes determine the extent of environmental effects: Multiple hurricanes and different coastal systems",
  journal = "Estuaries and Coasts",
  volume = "29",
  number = "6A",
  pages = "1046--1061",
  year = "2006",
  author = "Michael A. Mallin and Catherine A. Corbett"
}

@article{Medlin2007,
  title = "Radar and rain gauge analysis of the extreme rainfall during {H}urricane {D}anny's (1997) landfall",
  journal = "Monthly Weather Review",
  volume = "135",
  pages = "1869--1888",
  year = "2007",
  author = "Jeffrey M. Medlin and Sytske K. Kimball and Keith G. Blackwell"
}

@article{Moore2012,
  title = "Tropical cyclone-tornado casualties",
  journal = "Natural Hazards",
  volume = "61",
  pages = "621--634",
  year = "2012",
  doi = "10.1007/s11069-011-0050-z",
  author = "Todd W. Moore and Richard W. Dixon"
}

@book{Pielke1997,
  title = "Hurricanes: their natue and impacts on society",
  author = "Roger A. Pielke Jr. and Roger A. Pielke Sr.",
  year = "1997",
  publisher = "John Wiley & Sons Ltd",
  address = "Chichester, England"
}

@article{Pielke1998,
  title = "Normalized hurricane damages in the United States: 1925-95",
  journal = "Weather and Forecasting",
  volume = "13",
  pages = "621--631",
  year = "1998",
  author = "Roger A. Pielke and Christopher W. Landsea"
}


@article{Powell1998,
  title = "The HRD real-time hurricane wind analysis system",
  journal = "Journal of Wind Engineering and Industrial Aerodynamics",
  volume = "77 & 78",
  pages = "53--64",
  year = "1998",
  author = "Mark D. Powell and Sam H. Houston and Luis R. Amat and Nirva Morisseau-Leroy"
}

@article{Rappaport2000,
  title = "Loss of life in the United States associated with recent Atlantic tropical cyclones",
  journal = "Bulletin of the American Meteorological Society",
  volume = "x",
  pages = "2065--2073",
  year = "2000",
  author = "Edward N. Rappaport"
}

@article{Rezapour2014,
  title = "Classification of hurricane hazards: the importance of rainfall",
  journal = "Weather and Forcasting",
  volume = "29",
  pages = "1319--1331",
  year = "2014",
  author = "Mehdi Rezapour and Tom E. Baldock"
}

@incollection{Rui2014,
  title={Readme document for North America Land Data Assimilation System Phase 2 (NLDAS-2) Products},
  author={Hualan Rui and David Mocko},
  booktitle={Goddard Earth Sciences Data and Information Services Center},
  year={2014}
}

@article{Rees2001,
  title = "Tropical storms and the flood hydrology of the central {A}ppalachians",
  journal = "Water Resources Research",
  volume = "37",
  number = "8",
  pages = "2143--2168",
  year = "2001",
  author = "Paula Sturdevant--Rees and James A. Smith and Julia Morrison and Mary Lynn Baeck"
}

@inproceedings{Seneviratne2012,
  title={Changes in climate extremes and their impacts on the natural physical environment: An overview of the {IPCC SREX} report},
  author={Seneviratne, SI and Nicholls, N and Easterling, D and Goodess, CM and Kanae, S and Kossin, J and Luo, Y and Marengo, J and McInnes, K and Rahimi, M and others},
  booktitle={EGU General Assembly Conference Abstracts},
  pages={109--230},
  year={2012}
}

@article{Sheridan2004,
  title={Progress in heat watch-warning system technology},
  author={Sheridan, Scott C and Kalkstein, Laurence S},
  journal={Bulletin of the American Meteorological Society},
  volume={85},
  number={12},
  pages={1931},
  year={2004}
}

@book{Smith1992,
  title={Environmental Hazards: Assessing Risk and Reducing Disaster},
  author={Smith, Keith},
  year={1992},
  publisher={Routledge}
}

@article{Smith2011,
  title = "Mixture distributions and the hydroclimatology of extreme rainfall and flooding in the eastern {U}nited {S}tates",
  journal = "Journal of Hydrometeorology",
  volume = "12",
  pages = "294--309",
  doi = "10.1175/2010JHM1242.1",
  author = "James A. Smith and Gabriele Villarini and Mary Lynn Baeck"
}

@article{Villarini2011,
  title = "Characterization of rainfall distribution and flooding associated with U.S. landfalling tropical cyclones: analysis of hurricanes Frances, Ivan, and Jeanne (2004)",
  journal = "Journal of Geophysical Research",
  volume = "116",
  pages = "D23116",
  year = "2011",
  author = "Gabriele Villarini and James A. Smith and Mary Lynn Baeck and Timothy Marchok and Gabriel A. Vecchi"
}

@misc{WONDER,
  title = "CDC WONDER",
  year = "2016",
  url = "http://wonder.cdc.gov",
  author = "Centers for Disease Control and Prevention"
}

@article{Zandbergen2009,
  title = "Exposure of US counties to Atlantic tropical storms and hurricanes, 1851--2003",
  journal = "Natural Hazards",
  volume = "48",
  pages = "83--99",
  year = "2009",
  doi = "10.1007/s11069-008-9250-6",
  author = "Paul A. Zandbergen"
}

